@article{yen2004computer,
    title={Computer chinese chess},
    author={Yen, Shi-Jim and Chen, Jr-Chang and Yang, Tai-Ning and Hsu, Shun-Chin},
    journal={ICGA journal},
    volume={27},
    number={1},
    pages={3--18},
    year={2004},
    publisher={IOS Press}
}